@misc{
  bratlie_dalmo_laksaa_brustad_2017, 
  place={Narvik}, 
  title={{STE6245 - Course Material}}, 
  publisher={Canvas}, 
  author={Bratlie, Jostein and Dalmo, Rune and Laks\aa, Arne and Brustad, Tanita Fosli},
  note = {[Accessed 2018-03-04]}, 
  year={2017}, 
  month=Dec
}

@misc{
  harmer1_2017, 
  title={{Writing a Custom Qt 3D Aspect - Part 1}}, url={\url{https://www.kdab.com/writing-custom-qt-3d-aspect/}}, 
  journal={KDAB}, 
  author={Harmer, Sean}, 
  howpublished={Online, available at \url{https://www.kdab.com/writing-custom-qt-3d-aspect/}},
  note = {[Accessed 2018-03-04]},
  year={2017}, 
  month=Nov
}

@misc{
  harmer2_2017, 
  title={{Writing a Custom Qt 3D Aspect - Part 2}},
  url={\url{https://www.kdab.com/writing-custom-qt-3d-aspect-part-2/}},
  journal={KDAB}, 
  author={Harmer, Sean},
  howpublished={Online, available at \url{https://www.kdab.com/writing-custom-qt-3d-aspect-part-2/}},
  note = {[Accessed 2018-03-04]}, 
  year={2017}, 
  month=Dec
}